<record><leader>00000cas a2200000 a 4500</leader><controlfield tag="001">10927985</controlfield><controlfield tag="008">840709d19121955nyudn ne      0    0eng c</controlfield><datafield ind1=" " ind2=" " tag="010"><subfield code="a">sn 84031331 </subfield></datafield><datafield ind1=" " ind2=" " tag="040"><subfield code="a">NYG</subfield><subfield code="b">eng</subfield><subfield code="c">NYG</subfield><subfield code="d">NYS</subfield><subfield code="d">OCLCQ</subfield><subfield code="d">OCLCF</subfield><subfield code="d">OCLCO</subfield></datafield><datafield ind1="1" ind2=" " tag="029"><subfield code="a">AU@</subfield><subfield code="b">000020532133</subfield></datafield><datafield ind1=" " ind2=" " tag="042"><subfield code="a">pcc</subfield></datafield><datafield ind1=" " ind2=" " tag="043"><subfield code="a">n-us-ny</subfield></datafield><datafield ind1="0" ind2="4" tag="245"><subfield code="a">The Leader-Republican.</subfield></datafield><datafield ind1="3" ind2="0" tag="246"><subfield code="a">Johnstown leader-Republican</subfield></datafield><datafield ind1=" " ind2=" " tag="260"><subfield code="a">Gloversville, N.Y. ;</subfield><subfield code="a">Johnstown, N.Y. :</subfield><subfield code="b">William B. Collins Co.,</subfield><subfield code="c">-1955.</subfield></datafield><datafield ind1=" " ind2=" " tag="300"><subfield code="a">v. :</subfield><subfield code="b">ill.</subfield></datafield><datafield ind1=" " ind2=" " tag="310"><subfield code="a">Daily (except Sunday and holidays)</subfield></datafield><datafield ind1="1" ind2=" " tag="362"><subfield code="a">Began with: Feb. 4, 1912 issue.</subfield></datafield><datafield ind1="0" ind2=" " tag="362"><subfield code="a">-68th year, no. 121 (Jan. 22, 1955).</subfield></datafield><datafield ind1=" " ind2=" " tag="500"><subfield code="a">Publisher: William B. Collins &amp; Co., &lt;1915&gt;-1955.</subfield></datafield><datafield ind1=" " ind2=" " tag="500"><subfield code="a">Has section called Johnstown leader-Republican, -&lt;1955&gt;.</subfield></datafield><datafield ind1=" " ind2=" " tag="500"><subfield code="a">"150th Anniversary of birth of Tryon County" edition: 36th yr, no. 8 (Sept. 8, 1922).</subfield></datafield><datafield ind1=" " ind2=" " tag="500"><subfield code="a">Editors: &lt;1937&gt;-, F.L. Rodgers.</subfield></datafield><datafield ind1=" " ind2=" " tag="588"><subfield code="a">Description based on: 28th year, no. 168 (Mar. 18, 1915).</subfield></datafield><datafield ind1=" " ind2="0" tag="651"><subfield code="a">Gloversville (N.Y.)</subfield><subfield code="v">Newspapers.</subfield></datafield><datafield ind1=" " ind2="0" tag="651"><subfield code="a">Johnstown (N.Y.)</subfield><subfield code="v">Newspapers.</subfield></datafield><datafield ind1=" " ind2="0" tag="651"><subfield code="a">Fulton County (N.Y.)</subfield><subfield code="v">Newspapers.</subfield></datafield><datafield ind1=" " ind2="7" tag="655"><subfield code="a">Newspapers.</subfield><subfield code="2">fast</subfield><subfield code="0">(OCoLC)fst01423814</subfield></datafield><datafield ind1=" " ind2="7" tag="651"><subfield code="a">New York (State)</subfield><subfield code="z">Fulton County.</subfield><subfield code="2">fast</subfield><subfield code="0">(OCoLC)fst01211826</subfield></datafield><datafield ind1=" " ind2="7" tag="651"><subfield code="a">New York (State)</subfield><subfield code="z">Gloversville.</subfield><subfield code="2">fast</subfield><subfield code="0">(OCoLC)fst01220241</subfield></datafield><datafield ind1=" " ind2="7" tag="651"><subfield code="a">New York (State)</subfield><subfield code="z">Johnstown.</subfield><subfield code="2">fast</subfield><subfield code="0">(OCoLC)fst01212780</subfield></datafield><datafield ind1=" " ind2=" " tag="752"><subfield code="a">United States</subfield><subfield code="b">New York</subfield><subfield code="c">Fulton</subfield><subfield code="d">Gloversville.</subfield></datafield><datafield ind1=" " ind2=" " tag="752"><subfield code="a">United States</subfield><subfield code="b">New York</subfield><subfield code="c">Fulton</subfield><subfield code="d">Johnstown.</subfield></datafield><datafield ind1="0" ind2="4" tag="780"><subfield code="t">Gloversville leader</subfield><subfield code="w">(DLC)sn 88074617</subfield><subfield code="w">(OCoLC)18264397</subfield></datafield><datafield ind1="0" ind2="4" tag="780"><subfield code="t">Johnstown daily Republican</subfield><subfield code="w">(DLC)sn 85042216</subfield></datafield><datafield ind1="0" ind2="7" tag="785"><subfield code="t">Morning herald (Gloversville, N.Y.)</subfield><subfield code="w">(DLC)sn 84031421</subfield></datafield><datafield ind1="0" ind2="7" tag="785"><subfield code="t">Leader-herald</subfield><subfield code="w">(DLC)sn 84031336</subfield></datafield></record>